@article{Ising1925,
  title={Beitrag zur theorie des ferromagnetismus},
  author={Ising, Ernst},
  journal={Zeitschrift f{\"u}r Physik},
  volume={31},
  number={1},
  pages={253--258},
  year={1925},
  publisher={Springer}
}

@article{Onsager,
  title = {Crystal Statistics. I. A Two-Dimensional Model with an Order-Disorder Transition},
  author = {Onsager, Lars},
  journal = {Phys. Rev.},
  volume = {65},
  issue = {3-4},
  pages = {117--149},
  numpages = {0},
  year = {1944},
  month = {Feb},
  publisher = {American Physical Society},
  doi = {10.1103/PhysRev.65.117},
  url = {\url{https://link.aps.org/doi/10.1103/PhysRev.65.117}}
}

@article{onsagerGoogle,
  title={Crystal statistics. I. A two-dimensional model with an order-disorder transition},
  author={Onsager, Lars},
  journal={Physical Review},
  volume={65},
  number={3-4},
  pages={117},
  year={1944},
  publisher={APS}
}

@article{metropolis,
  title={Equation of state calculations by fast computing machines},
  author={Metropolis, Nicholas and Rosenbluth, Arianna W and Rosenbluth, Marshall N and Teller, Augusta H and Teller, Edward},
  journal={The journal of chemical physics},
  volume={21},
  number={6},
  pages={1087--1092},
  year={1953},
  publisher={American Institute of Physics}
}

@book{gallavotti2013statistical,
  title={Statistical mechanics: A short treatise},
  author={Gallavotti, Giovanni},
  year={2013},
  publisher={Springer Science \& Business Media}
}

@book{concepts,
  title={Concepts in thermal physics},
  author={Blundell, Stephen J and Blundell, Katherine M},
  year={2009},
  publisher={OUP Oxford}
}

@misc{IsingWiki,
  author = "{Wikipedia contributors}",
  title = "Ising model",
  year = "2021",
  howpublished = "\url{https://en.wikipedia.org/wiki/Ising_model}",
  note = "[Online; accessed 14-March-2021]"
}

@misc{MCWiki,
  author = "{Wikipedia contributors}",
  title = "Monte Carlo method",
  year = "2021",
  howpublished = "\url{https://en.wikipedia.org/wiki/Monte_Carlo_method}",
  note = "[Online; accessed 15-March-2021]"
}